

@article{DBLP:journals/corr/ZwanenburgLVL16,
	author    = {Alex Zwanenburg and
	Stefan Leger and
	Martin Valli{\`{e}}res and
	Steffen L{\"{o}}ck},
	title     = {{Image biomarker standardisation initiative - feature 
	definitions}},
	journal   = {CoRR},
	volume    = {abs/1612.07003},
	year      = {2016},
	url       = {http://arxiv.org/abs/1612.07003},
	archivePrefix = {arXiv},
	eprint    = {1612.07003},
	timestamp = {Mon, 13 Aug 2018 16:47:45 +0200},
	biburl    = {https://dblp.org/rec/journals/corr/ZwanenburgLVL16.bib},
	bibsource = {dblp computer science bibliography, https://dblp.org}
}


@article{Zwanenburg_2020,
	title={{The Image Biomarker Standardization Initiative: 
	Standardized Quantitative Radiomics for 
	High-Throughput	Image-based Phenotyping}},
	volume={295},
	ISSN={1527-1315},
	url={http://dx.doi.org/10.1148/radiol.2020191145},
	DOI={10.1148/radiol.2020191145},
	number={2},
	journal={Radiology},
	publisher={Radiological Society of North America (RSNA)},
	author={Zwanenburg, Alex and Vallières, Martin and Abdalah, Mahmoud A. and 
	Aerts, Hugo J. W. L. and Andrearczyk, Vincent and Apte, Aditya and 
	Ashrafinia, Saeed and Bakas, Spyridon and Beukinga, Roelof J. and Boellaard, 
	Ronald and et al.},
	year={2020},
	month={May},
	pages={328–338}
}

@article{Zwanenburg2019,
	author={Zwanenburg, Alex},
	title={{Radiomics in nuclear medicine: robustness, reproducibility, 
	standardization, and how to avoid data analysis traps and replication 
	crisis}},
	journal={European Journal of Nuclear Medicine and Molecular Imaging},
	year={2019},
	month={Dec},
	day={01},
	volume={46},
	number={13},
	pages={2638-2655},
	issn={1619-7089},
	doi={10.1007/s00259-019-04391-8},
	url={https://doi.org/10.1007/s00259-019-04391-8}
}



@article{Mayerhoeferjnumed.118.222893,
	author = {Mayerhoefer, Marius E and Materka, Andrzej and Langs, Georg and 
	H{\"a}ggstr{\"o}m, Ida and Szczypinski, Piotr and Gibbs, Peter and Cook, 
	Gary},
	title = {{Introduction to Radiomics}},
	elocation-id = {jnumed.118.222893},
	year = {2020},
	doi = {10.2967/jnumed.118.222893},
	publisher = {Society of Nuclear Medicine},
	issn = {0161-5505},
	URL = 
	{https://jnm.snmjournals.org/content/early/2020/02/13/jnumed.118.222893},
	journal = {Journal of Nuclear Medicine}
}

@article{Keyes1836,
	author = {Keyes, John W.},
	title = {{SUV: Standard Uptake or Silly Useless Value?}},
	volume = {36},
	number = {10},
	pages = {1836--1839},
	year = {1995},
	publisher = {Society of Nuclear Medicine},
	issn = {0161-5505},
	URL = {https://jnm.snmjournals.org/content/36/10/1836},
	journal = {Journal of Nuclear Medicine}
}

@article{vanVelden2016,
	author={van Velden, Floris H. P.
	and Kramer, Gerbrand M.
	and Frings, Virginie
	and Nissen, Ida A.
	and Mulder, Emma R.
	and de Langen, Adrianus J.
	and Hoekstra, Otto S.
	and Smit, Egbert F.
	and Boellaard, Ronald},
	title={{Repeatability of Radiomic Features in Non-Small-Cell Lung 
	Cancer 
	[(18)F]FDG-PET/CT Studies: Impact of Reconstruction and 
	Delineation}},
	journal={Molecular imaging and biology},
	year={2016},
	month={Oct},
	publisher={Springer US},
	volume={18},
	number={5},
	pages={788-795},
	issn={1860-2002},
	doi={10.1007/s11307-016-0940-2},
	url={https://doi.org/10.1007/s11307-016-0940-2},
	language={eng}
}

@article{Yan1667,
	author = {Yan, Jianhua and Chu-Shern, Jason Lim and Loi, Hoi Yin and Khor, 
	Lih Kin and Sinha, Arvind K. and Quek, Swee Tian and Tham, Ivan W.K. and 
	Townsend, David},
	title = {{Impact of Image Reconstruction Settings on Texture 
	Features in 18F-FDG PET}},
	volume = {56},
	number = {11},
	pages = {1667--1673},
	year = {2015},
	doi = {10.2967/jnumed.115.156927},
	publisher = {Society of Nuclear Medicine},
	issn = {0161-5505},
	URL = {https://jnm.snmjournals.org/content/56/11/1667},
	journal = {Journal of Nuclear Medicine}
}

@article{Pfaehler2019,
	author={Pfaehler, Elisabeth
	and Beukinga, Roelof J.
	and de Jong, Johan R.
	and Slart, Riemer H. J. A.
	and Slump, Cornelis H.
	and Dierckx, Rudi A. J. O.
	and Boellaard, Ronald},
	title={{Repeatability of (18) F-FDG PET radiomic features: A phantom study to 
	explore sensitivity to image reconstruction settings, noise, and delineation 
	method}},
	journal={Medical physics},
	year={2019},
	month={Feb},
	edition={2018/12/28},
	publisher={John Wiley and Sons Inc.},
	volume={46},
	number={2},
	pages={665-678},
	issn={2473-4209},
	doi={10.1002/mp.13322},
	url={https://doi.org/10.1002/mp.13322},
	language={eng}
}

@Article{Leijenaar2015,
	author={Leijenaar, Ralph T. H.
	and Nalbantov, Georgi
	and Carvalho, Sara
	and van Elmpt, Wouter J. C.
	and Troost, Esther G. C.
	and Boellaard, Ronald
	and Aerts, Hugo J. W. L.
	and Gillies, Robert J.
	and Lambin, Philippe},
	title={{The effect of SUV discretization in quantitative FDG-PET Radiomics: 
	the need for standardized methodology in tumor texture analysis}},
	journal={Scientific reports},
	year={2015},
	month={Aug},
	day={05},
	publisher={Nature Publishing Group},
	volume={5},
	pages={11075-11075},
	keywords={Biomarkers, Tumor/metabolism; Feasibility Studies; 
	Fluorodeoxyglucose F18/chemistry/metabolism; Humans; Image Processing, 
	Computer-Assisted; Lung Neoplasms/drug therapy/metabolism/*radiotherapy; 
	*Positron-Emission Tomography; Radiopharmaceuticals/*metabolism/therapeutic 
	use; Tomography, X-Ray Computed},
	issn={2045-2322},
	doi={10.1038/srep11075},
	url={https://pubmed.ncbi.nlm.nih.gov/26242464},
	language={eng}
}

@article {Tixier369,
	author = {Tixier, Florent and Le Rest, Catherine Cheze and Hatt, Mathieu and 
	Albarghach, Nidal and Pradier, Olivier and Metges, Jean-Philippe and Corcos, 
	Laurent and Visvikis, Dimitris},
	title = {{Intratumor Heterogeneity Characterized by Textural Features on 
	Baseline 18F-FDG PET Images Predicts Response to Concomitant 
	Radiochemotherapy in Esophageal Cancer}},
	volume = {52},
	number = {3},
	pages = {369--378},
	year = {2011},
	doi = {10.2967/jnumed.110.082404},
	publisher = {Society of Nuclear Medicine},
	issn = {0161-5505},
	URL = {https://jnm.snmjournals.org/content/52/3/369},
	eprint = {https://jnm.snmjournals.org/content/52/3/369.full.pdf},
	journal = {Journal of Nuclear Medicine}
}